@book{latexbook1,
  author    = {L. Lamport},
  title     = {{\LaTeX}: {A} Document Preparation System},
  publisher = {Addison-Wesley},
  year      = {1986}
}

@book{latexbook2,
  author    = {F. Mittelbach and M. Goossens and J. Braams and D. Carlisle and C. Rowley},
  title     = {The {\LaTeX} Companion},
  edition   = {2nd},
  publisher = {Addison-Wesley},
  year      = {2004}
}

@misc{libvirt, 
  title     = {libvirt virtualization API}, 
  url       = {https://libvirt.org/}, 
  author    = {libvirt project}
}
